@article{uddin2007self,
  title={The self and social cognition: the role of cortical midline structures and mirror neurons},
  author={Uddin, Lucina Q and Iacoboni, Marco and Lange, Claudia and Keenan, Julian Paul},
  journal={Trends in cognitive sciences},
  volume={11},
  number={4},
  pages={153--157},
  year={2007},
  publisher={Elsevier}
}

@article{carr2003neural,
  title={Neural mechanisms of empathy in humans: a relay from neural systems for imitation to limbic areas},
  author={Carr, Laurie and Iacoboni, Marco and Dubeau, Marie-Charlotte and Mazziotta, John C and Lenzi, Gian Luigi},
  journal={Proceedings of the national Academy of Sciences},
  volume={100},
  number={9},
  pages={5497--5502},
  year={2003},
  publisher={National Acad Sciences}
}

@article{decety2011dissecting,
  title={Dissecting the neural mechanisms mediating empathy},
  author={Decety, Jean},
  journal={Emotion review},
  volume={3},
  number={1},
  pages={92--108},
  year={2011},
  publisher={Sage Publications Sage UK: London, England}
}

@article{keysers2014dissociating,
  title={Dissociating the ability and propensity for empathy},
  author={Keysers, Christian and Gazzola, Valeria},
  journal={Trends in cognitive sciences},
  volume={18},
  number={4},
  pages={163--166},
  year={2014},
  publisher={Elsevier}
}

@article{mischkowski2016painkiller,
  title={From painkiller to empathy killer: acetaminophen (paracetamol) reduces empathy for pain},
  author={Mischkowski, Dominik and Crocker, Jennifer and Way, Baldwin M},
  journal={Social cognitive and affective neuroscience},
  volume={11},
  number={9},
  pages={1345--1353},
  year={2016},
  publisher={Oxford University Press}
}

@article{rutgen2015placebo,
  title={Placebo analgesia and its opioidergic regulation suggest that empathy for pain is grounded in self pain},
  author={R{\"u}tgen, Markus and Seidel, Eva-Maria and Silani, Giorgia and Rie{\v{c}}ansky, Igor and Hummer, Allan and Windischberger, Christian and Petrovic, Predrag and Lamm, Claus},
  journal={Proceedings of the National Academy of Sciences},
  volume={112},
  number={41},
  pages={E5638--E5646},
  year={2015},
  publisher={National Acad Sciences}
}

@article{lamm2011meta,
  title={Meta-analytic evidence for common and distinct neural networks associated with directly experienced pain and empathy for pain},
  author={Lamm, Claus and Decety, Jean and Singer, Tania},
  journal={Neuroimage},
  volume={54},
  number={3},
  pages={2492--2502},
  year={2011},
  publisher={Elsevier}
}

@article{bastiaansen2009evidence,
  title={Evidence for mirror systems in emotions},
  author={Bastiaansen, Jojanneke ACJ and Thioux, Marc and Keysers, Christian},
  journal={Philosophical Transactions of the Royal Society B: Biological Sciences},
  volume={364},
  number={1528},
  pages={2391--2404},
  year={2009},
  publisher={The Royal Society}
}

@article{singer2012past,
  title={The past, present and future of social neuroscience: a European perspective},
  author={Singer, Tania},
  journal={Neuroimage},
  volume={61},
  number={2},
  pages={437--449},
  year={2012},
  publisher={Elsevier}
}

@article{gallese2004unifying,
  title={A unifying view of the basis of social cognition},
  author={Gallese, Vittorio and Keysers, Christian and Rizzolatti, Giacomo},
  journal={Trends in cognitive sciences},
  volume={8},
  number={9},
  pages={396--403},
  year={2004},
  publisher={Elsevier}
}

@article{oosterwijk2014embodiment,
  title={Embodiment in the construction of emotion experience and emotion understanding},
  author={Oosterwijk, Suzanne and Barrett, Lisa Feldman},
  journal={Routledge handbook of embodied cognition. New York: Routledge},
  pages={250--260},
  year={2014}
}

@article{barrett2013large,
  title={Large-scale brain networks in affective and social neuroscience: towards an integrative functional architecture of the brain},
  author={Barrett, Lisa Feldman and Satpute, Ajay Bhaskar},
  journal={Current opinion in neurobiology},
  volume={23},
  number={3},
  pages={361--372},
  year={2013},
  publisher={Elsevier}
}

@article{waytz2011two,
  title={Two mechanisms for simulating other minds: dissociations between mirroring and self-projection},
  author={Waytz, Adam and Mitchell, Jason P},
  journal={Current Directions in Psychological Science},
  volume={20},
  number={3},
  pages={197--200},
  year={2011},
  publisher={Sage Publications Sage CA: Los Angeles, CA}
}

@article{pulvermuller2010active,
  title={Active perception: sensorimotor circuits as a cortical basis for language},
  author={Pulverm{\"u}ller, Friedemann and Fadiga, Luciano},
  journal={Nature reviews neuroscience},
  volume={11},
  number={5},
  pages={351--360},
  year={2010},
  publisher={Nature Publishing Group}
}

@article{oosterwijk2015concepts,
  title={Concepts in context: processing mental state concepts with internal or external focus involves different neural systems},
  author={Oosterwijk, Suzanne and Mackey, Scott and Wilson-Mendenhall, Christine and Winkielman, Piotr and Paulus, Martin P},
  journal={Social neuroscience},
  volume={10},
  number={3},
  pages={294--307},
  year={2015},
  publisher={Taylor \& Francis}
}

@article{wilson2011grounding,
  title={Grounding emotion in situated conceptualization},
  author={Wilson-Mendenhall, Christine D and Barrett, Lisa Feldman and Simmons, W Kyle and Barsalou, Lawrence W},
  journal={Neuropsychologia},
  volume={49},
  number={5},
  pages={1105--1127},
  year={2011},
  publisher={Elsevier}
}

@article{oosterwijk2012states,
  title={States of mind: Emotions, body feelings, and thoughts share distributed neural networks},
  author={Oosterwijk, Suzanne and Lindquist, Kristen A and Anderson, Eric and Dautoff, Rebecca and Moriguchi, Yoshiya and Barrett, Lisa Feldman},
  journal={NeuroImage},
  volume={62},
  number={3},
  pages={2110--2128},
  year={2012},
  publisher={Elsevier}
}

@article{lench2011discrete,
  title={Discrete emotions predict changes in cognition, judgment, experience, behavior, and physiology: a meta-analysis of experimental emotion elicitations.},
  author={Lench, Heather C and Flores, Sarah A and Bench, Shane W},
  journal={Psychological bulletin},
  volume={137},
  number={5},
  pages={834},
  year={2011},
  publisher={American Psychological Association}
}

@article{spunt2012integrative,
  title={An integrative model of the neural systems supporting the comprehension of observed emotional behavior},
  author={Spunt, Robert P and Lieberman, Matthew D},
  journal={Neuroimage},
  volume={59},
  number={3},
  pages={3050--3059},
  year={2012},
  publisher={Elsevier}
}

@article{gilbert2012evaluative,
  title={Evaluative vs. trait representation in intergroup social judgments: Distinct roles of anterior temporal lobe and prefrontal cortex},
  author={Gilbert, Sam J and Swencionis, Jillian K and Amodio, David M},
  journal={Neuropsychologia},
  volume={50},
  number={14},
  pages={3600--3611},
  year={2012},
  publisher={Elsevier}
}

@article{brosch2013implicit,
  title={Implicit race bias decreases the similarity of neural representations of black and white faces},
  author={Brosch, Tobias and Bar-David, Eyal and Phelps, Elizabeth A},
  journal={Psychological science},
  volume={24},
  number={2},
  pages={160--166},
  year={2013},
  publisher={Sage Publications Sage CA: Los Angeles, CA}
}

@article{parkinson2014common,
  title={A common cortical metric for spatial, temporal, and social distance},
  author={Parkinson, Carolyn and Liu, Shari and Wheatley, Thalia},
  journal={Journal of Neuroscience},
  volume={34},
  number={5},
  pages={1979--1987},
  year={2014},
  publisher={Soc Neuroscience}
}

@article{corradi2016cross,
  title={Cross-modal representations of first-hand and vicarious pain, disgust and fairness in insular and cingulate cortex},
  author={Corradi-Dellâ€™Acqua, Corrado and Tusche, Anita and Vuilleumier, Patrik and Singer, Tania},
  journal={Nature communications},
  volume={7},
  number={1},
  pages={1--12},
  year={2016},
  publisher={Nature Publishing Group}
}

@article{krishnan2016somatic,
  title={Somatic and vicarious pain are represented by dissociable multivariate brain patterns},
  author={Krishnan, Anjali and Woo, Choong-Wan and Chang, Luke J and Ruzic, Luka and Gu, Xiaosi and L{\'o}pez-Sol{\`a}, Marina and Jackson, Philip L and Pujol, Jes{\'u}s and Fan, Jin and Wager, Tor D},
  journal={Elife},
  volume={5},
  pages={e15166},
  year={2016},
  publisher={eLife Sciences Publications Limited}
}

@article{zaki2016anatomy,
  title={The anatomy of suffering: understanding the relationship between nociceptive and empathic pain},
  author={Zaki, Jamil and Wager, Tor D and Singer, Tania and Keysers, Christian and Gazzola, Valeria},
  journal={Trends in cognitive sciences},
  volume={20},
  number={4},
  pages={249--259},
  year={2016},
  publisher={Elsevier}
}

@article{norman2006beyond,
  title={Beyond mind-reading: multi-voxel pattern analysis of fMRI data},
  author={Norman, Kenneth A and Polyn, Sean M and Detre, Greg J and Haxby, James V},
  journal={Trends in cognitive sciences},
  volume={10},
  number={9},
  pages={424--430},
  year={2006},
  publisher={Elsevier}
}

@article{lamm2015role,
  title={The role of shared neural activations, mirror neurons, and morality in empathy--A critical comment},
  author={Lamm, Claus and Majdand{\v{z}}i{\'c}, Jasminka},
  journal={Neuroscience Research},
  volume={90},
  pages={15--24},
  year={2015},
  publisher={Elsevier}
}

@article{haynes2015primer,
  title={A primer on pattern-based approaches to fMRI: principles, pitfalls, and perspectives},
  author={Haynes, John-Dylan},
  journal={Neuron},
  volume={87},
  number={2},
  pages={257--270},
  year={2015},
  publisher={Elsevier}
}

@article{salimi2014automatic,
  title={Automatic denoising of functional MRI data: combining independent component analysis and hierarchical fusion of classifiers},
  author={Salimi-Khorshidi, Gholamreza and Douaud, Gwena{\"e}lle and Beckmann, Christian F and Glasser, Matthew F and Griffanti, Ludovica and Smith, Stephen M},
  journal={Neuroimage},
  volume={90},
  pages={449--468},
  year={2014},
  publisher={Elsevier}
}

@article{barrett2009variety,
  title={Variety is the spice of life: A psychological construction approach to understanding variability in emotion},
  author={Barrett, Lisa Feldman},
  journal={Cognition and Emotion},
  volume={23},
  number={7},
  pages={1284--1306},
  year={2009},
  publisher={Taylor \& Francis}
}

@article{winkielman2015embodiment,
  title={Embodiment of cognition and emotion.},
  author={Winkielman, Piotr and Niedenthal, Paula and Wielgosz, Joseph and Eelen, Jiska and Kavanagh, Liam C},
  year={2015},
  publisher={American Psychological Association}
}