@article{brand2015beyond,
  title={Beyond authorship: attribution, contribution, collaboration, and credit},
  author={Brand, Amy and Allen, Liz and Altman, Micah and Hlava, Marjorie and Scott, Jo},
  journal={Learned Publishing},
  volume={28},
  number={2},
  pages={151--155},
  year={2015}
}

@article{ghiasi2017exploring,
  title={Exploring the structure of a real-time, arbitrary neural artistic stylization network},
  author={Ghiasi, Golnaz and Lee, Honglak and Kudlur, Manjunath and Dumoulin, Vincent and Shlens, Jonathon},
  journal={arXiv preprint arXiv:1705.06830},
  year={2017}
}