@article{braver2014mechanisms,
  title={Mechanisms of motivation--cognition interaction: challenges and opportunities},
  author={Braver, Todd S and Krug, Marie K and Chiew, Kimberly S and Kool, Wouter and Westbrook, J Andrew and Clement, Nathan J and Adcock, R Alison and Barch, Deanna M and Botvinick, Matthew M and Carver, Charles S and others},
  journal={Cognitive, Affective, \& Behavioral Neuroscience},
  volume={14},
  number={2},
  pages={443--472},
  year={2014},
  publisher={Springer}
}

@article{murayama2018psychological,
  title={Psychological Science Agenda| June 2018},
  author={Murayama, Kou},
  journal={Psychological Science},
  year={2018}
}

@article{elliot2006hierarchical,
  title={The hierarchical model of approach-avoidance motivation},
  author={Elliot, Andrew J},
  journal={Motivation and emotion},
  volume={30},
  number={2},
  pages={111--116},
  year={2006},
  publisher={Springer}
}

@article{kidd2015psychology,
  title={The psychology and neuroscience of curiosity},
  author={Kidd, Celeste and Hayden, Benjamin Y},
  journal={Neuron},
  volume={88},
  number={3},
  pages={449--460},
  year={2015},
  publisher={Elsevier}
}

@article{golman2015curiosity,
  title={Curiosity, information gaps, and the utility of knowledge},
  author={Golman, Russell and Loewenstein, George},
  journal={Information Gaps, and the Utility of Knowledge (April 16, 2015)},
  pages={96--135},
  year={2015},
  publisher={Citeseer}
}

@article{gottlieb2013information,
  title={Information-seeking, curiosity, and attention: computational and neural mechanisms},
  author={Gottlieb, Jacqueline and Oudeyer, Pierre-Yves and Lopes, Manuel and Baranes, Adrien},
  journal={Trends in cognitive sciences},
  volume={17},
  number={11},
  pages={585--593},
  year={2013},
  publisher={Elsevier}
}

@article{oosterwijk2017choosing,
  title={Choosing the negative: A behavioral demonstration of morbid curiosity},
  author={Oosterwijk, Suzanne},
  journal={PloS one},
  volume={12},
  number={7},
  pages={e0178399},
  year={2017},
  publisher={Public Library of Science San Francisco, CA USA}
}

@article{hsee2016pandora,
  title={The Pandora effect: The power and peril of curiosity},
  author={Hsee, Christopher K and Ruan, Bowen},
  journal={Psychological science},
  volume={27},
  number={5},
  pages={659--666},
  year={2016},
  publisher={Sage Publications Sage CA: Los Angeles, CA}
}

@article{rime2005brief,
  title={Emotion fascination: responses to viewing pictures of September 11 attacks},
  author={Rim{\'e}, Bernard and Delfosse, C{\'e}line and Corsini, Susanna},
  journal={Cognition \& Emotion},
  volume={19},
  number={6},
  pages={923--932},
  year={2005},
  publisher={Taylor \& Francis}
}

@article{zuckerman1986personality,
  title={Personality and curiosity about morbid and sexual events},
  author={Zuckerman, Marvin and Litle, Patrick},
  journal={Personality and Individual Differences},
  volume={7},
  number={1},
  pages={49--56},
  year={1986},
  publisher={Elsevier}
}

@article{gruber2014states,
  title={States of curiosity modulate hippocampus-dependent learning via the dopaminergic circuit},
  author={Gruber, Matthias J and Gelman, Bernard D and Ranganath, Charan},
  journal={Neuron},
  volume={84},
  number={2},
  pages={486--496},
  year={2014},
  publisher={Elsevier}
}

@article{kang2009wick,
  title={The wick in the candle of learning: Epistemic curiosity activates reward circuitry and enhances memory},
  author={Kang, Min Jeong and Hsu, Ming and Krajbich, Ian M and Loewenstein, George and McClure, Samuel M and Wang, Joseph Tao-yi and Camerer, Colin F},
  journal={Psychological science},
  volume={20},
  number={8},
  pages={963--973},
  year={2009},
  publisher={SAGE Publications Sage CA: Los Angeles, CA}
}

@article{sakaki2018curiosity,
  title={Curiosity in old age: A possible key to achieving adaptive aging},
  author={Sakaki, Michiko and Yagi, Ayano and Murayama, Kou},
  journal={Neuroscience \& Biobehavioral Reviews},
  volume={88},
  pages={106--116},
  year={2018},
  publisher={Elsevier}
}

@article{levy2012root,
  title={The root of all value: a neural common currency for choice},
  author={Levy, Dino J and Glimcher, Paul W},
  journal={Current opinion in neurobiology},
  volume={22},
  number={6},
  pages={1027--1038},
  year={2012},
  publisher={Elsevier}
}

@article{liu2011common,
  title={Common and distinct networks underlying reward valence and processing stages: a meta-analysis of functional neuroimaging studies},
  author={Liu, Xun and Hairston, Jacqueline and Schrier, Madeleine and Fan, Jin},
  journal={Neuroscience \& Biobehavioral Reviews},
  volume={35},
  number={5},
  pages={1219--1236},
  year={2011},
  publisher={Elsevier}
}

@article{samanez2015decision,
  title={Decision making in the ageing brain: changes in affective and motivational circuits},
  author={Samanez-Larkin, Gregory R and Knutson, Brian},
  journal={Nature Reviews Neuroscience},
  volume={16},
  number={5},
  pages={278--289},
  year={2015},
  publisher={Nature Publishing Group}
}

@article{diekhof2012role,
  title={The role of the human ventral striatum and the medial orbitofrontal cortex in the representation of reward magnitude--An activation likelihood estimation meta-analysis of neuroimaging studies of passive reward expectancy and outcome processing},
  author={Diekhof, Esther Kristina and Kaps, Lisa and Falkai, Peter and Gruber, Oliver},
  journal={Neuropsychologia},
  volume={50},
  number={7},
  pages={1252--1266},
  year={2012},
  publisher={Elsevier}
}

@article{bartra2013valuation,
  title={The valuation system: a coordinate-based meta-analysis of BOLD fMRI experiments examining neural correlates of subjective value},
  author={Bartra, Oscar and McGuire, Joseph T and Kable, Joseph W},
  journal={Neuroimage},
  volume={76},
  pages={412--427},
  year={2013},
  publisher={Elsevier}
}

@article{singer2009common,
  title={A common role of insula in feelings, empathy and uncertainty},
  author={Singer, Tania and Critchley, Hugo D and Preuschoff, Kerstin},
  journal={Trends in cognitive sciences},
  volume={13},
  number={8},
  pages={334--340},
  year={2009},
  publisher={Elsevier}
}

@article{menon2010saliency,
  title={Saliency, switching, attention and control: a network model of insula function},
  author={Menon, Vinod and Uddin, Lucina Q},
  journal={Brain structure and function},
  volume={214},
  number={5-6},
  pages={655--667},
  year={2010},
  publisher={Springer}
}

@article{jepma2012neural,
  title={Neural mechanisms underlying the induction and relief of perceptual curiosity},
  author={Jepma, Marieke and Verdonschot, Rinus G and Van Steenbergen, Henk and Rombouts, Serge AR and Nieuwenhuis, Sander},
  journal={Frontiers in behavioral neuroscience},
  volume={6},
  pages={5},
  year={2012},
  publisher={Frontiers}
}

@article{van2018induction,
  title={Induction and relief of curiosity elicit parietal and frontal activity},
  author={van Lieshout, Lieke LF and Vandenbroucke, Annelinde RE and M{\"u}ller, Nils CJ and Cools, Roshan and de Lange, Floris P},
  journal={Journal of Neuroscience},
  volume={38},
  number={10},
  pages={2579--2588},
  year={2018},
  publisher={Soc Neuroscience}
}

@article{gruber2019curiosity,
  title={How curiosity enhances hippocampus-dependent memory: the prediction, appraisal, curiosity, and exploration (PACE) framework},
  author={Gruber, Matthias J and Ranganath, Charan},
  journal={Trends in cognitive sciences},
  volume={23},
  number={12},
  pages={1014--1025},
  year={2019},
  publisher={Elsevier}
}

@article{unkelbach2008positive,
  title={Why positive information is processed faster: The density hypothesis.},
  author={Unkelbach, Christian and Fiedler, Klaus and Bayer, Myriam and Stegm{\"u}ller, Martin and Danner, Daniel},
  journal={Journal of personality and social psychology},
  volume={95},
  number={1},
  pages={36},
  year={2008},
  publisher={American Psychological Association}
}

@article{baumeister2001bad,
  title={Bad is stronger than good},
  author={Baumeister, Roy F and Bratslavsky, Ellen and Finkenauer, Catrin and Vohs, Kathleen D},
  journal={Review of general psychology},
  volume={5},
  number={4},
  pages={323--370},
  year={2001},
  publisher={SAGE Publications Sage CA: Los Angeles, CA}
}

@article{berlyne1966curiosity,
  title={Curiosity and exploration},
  author={Berlyne, Daniel E},
  journal={Science},
  volume={153},
  number={3731},
  pages={25--33},
  year={1966},
  publisher={JSTOR}
}

@article{kashdan2009curiosity,
  title={Curiosity and interest: The benefits of thriving on novelty and challenge},
  author={Kashdan, Todd B and Silvia, Paul J},
  journal={Oxford handbook of positive psychology},
  volume={2},
  pages={367--374},
  year={2009}
}

@article{litman2005curiosity,
  title={Curiosity and the pleasures of learning: Wanting and liking new information},
  author={Litman, Jordan},
  journal={Cognition \& emotion},
  volume={19},
  number={6},
  pages={793--814},
  year={2005},
  publisher={Taylor \& Francis}
}

@article{floresco2015nucleus,
  title={The nucleus accumbens: an interface between cognition, emotion, and action},
  author={Floresco, Stan B},
  journal={Annual review of psychology},
  volume={66},
  pages={25--52},
  year={2015},
  publisher={Annual Reviews}
}

@article{oosterwijk2016neural,
  title={The neural representation of typical and atypical experiences of negative images: Comparing fear, disgust and morbid fascination},
  author={Oosterwijk, Suzanne and Lindquist, Kristen A and Adebayo, Morenikeji and Barrett, Lisa Feldman},
  journal={Social Cognitive and Affective Neuroscience},
  volume={11},
  number={1},
  pages={11--22},
  year={2016},
  publisher={Oxford University Press}
}

@article{berridge2009dissecting,
  title={Dissecting components of reward:‘liking’,‘wanting’, and learning},
  author={Berridge, Kent C and Robinson, Terry E and Aldridge, J Wayne},
  journal={Current opinion in pharmacology},
  volume={9},
  number={1},
  pages={65--73},
  year={2009},
  publisher={Elsevier}
}

@article{wood2015controllability,
  title={Controllability modulates the neural response to predictable but not unpredictable threat in humans},
  author={Wood, Kimberly H and Wheelock, Muriah D and Shumen, Joshua R and Bowen, Kenton H and Ver Hoef, Lawrence W and Knight, David C},
  journal={NeuroImage},
  volume={119},
  pages={371--381},
  year={2015},
  publisher={Elsevier}
}

@article{amat2005medial,
  title={Medial prefrontal cortex determines how stressor controllability affects behavior and dorsal raphe nucleus},
  author={Amat, Jos{\'e} and Baratta, Michael V and Paul, Evan and Bland, Sondra T and Watkins, Linda R and Maier, Steven F},
  journal={Nature neuroscience},
  volume={8},
  number={3},
  pages={365--371},
  year={2005},
  publisher={Nature Publishing Group}
}

@article{loewenstein1994psychology,
  title={The psychology of curiosity: A review and reinterpretation.},
  author={Loewenstein, George},
  journal={Psychological bulletin},
  volume={116},
  number={1},
  pages={75},
  year={1994},
  publisher={American Psychological Association}
}

@article{lang1997international,
  title={International affective picture system (IAPS): Technical manual and affective ratings},
  author={Lang, Peter J and Bradley, Margaret M and Cuthbert, Bruce N and others},
  journal={NIMH Center for the Study of Emotion and Attention},
  volume={1},
  pages={39--58},
  year={1997},
  publisher={Gainesville, FL.}
}

@article{marchewka2014nencki,
  title={The Nencki Affective Picture System (NAPS): Introduction to a novel, standardized, wide-range, high-quality, realistic picture database},
  author={Marchewka, Artur and {\.Z}urawski, {\L}ukasz and Jednor{\'o}g, Katarzyna and Grabowska, Anna},
  journal={Behavior research methods},
  volume={46},
  number={2},
  pages={596--610},
  year={2014},
  publisher={Springer}
}

@misc{oosterwijk2017prereg,
  title={CurioVal preregistered fMRI analyses},
  url={osf.io/gdtk9},
  publisher={OSF},
  author={Oosterwijk, Suzanne},
  year={2017},
  month={Jun}
}

@article{craddock2012whole,
  title={A whole brain fMRI atlas generated via spatially constrained spectral clustering},
  author={Craddock, R Cameron and James, G Andrew and Holtzheimer III, Paul E and Hu, Xiaoping P and Mayberg, Helen S},
  journal={Human brain mapping},
  volume={33},
  number={8},
  pages={1914--1928},
  year={2012},
  publisher={Wiley Online Library}
}

@article{smith2009threshold,
  title={Threshold-free cluster enhancement: addressing problems of smoothing, threshold dependence and localisation in cluster inference},
  author={Smith, Stephen M and Nichols, Thomas E},
  journal={Neuroimage},
  volume={44},
  number={1},
  pages={83--98},
  year={2009},
  publisher={Elsevier}
}

@article{winkler2014permutation,
  title={Permutation inference for the general linear model},
  author={Winkler, Anderson M and Ridgway, Gerard R and Webster, Matthew A and Smith, Stephen M and Nichols, Thomas E},
  journal={Neuroimage},
  volume={92},
  pages={381--397},
  year={2014},
  publisher={Elsevier}
}

@article{de2007measuring,
  title={Measuring empathic tendencies: Reliability and validity of the Dutch version of the Interpersonal Reactivity Index},
  author={De Corte, Kim and Buysse, Ann and Verhofstadt, Lesley L and Roeyers, Herbert and Ponnet, Koen and Davis, Mark H},
  journal={Psychologica Belgica},
  volume={47},
  number={4},
  pages={235--260},
  year={2007}
}

@article{lakens2013calculating,
  title={Calculating and reporting effect sizes to facilitate cumulative science: a practical primer for t-tests and ANOVAs},
  author={Lakens, Dani{\"e}l},
  journal={Frontiers in psychology},
  volume={4},
  pages={863},
  year={2013},
  publisher={Frontiers}
}

@article{esteban2019fmriprep,
  title={fMRIPrep: a robust preprocessing pipeline for functional MRI},
  author={Esteban, Oscar and Markiewicz, Christopher J and Blair, Ross W and Moodie, Craig A and Isik, A Ilkay and Erramuzpe, Asier and Kent, James D and Goncalves, Mathias and DuPre, Elizabeth and Snyder, Madeleine and others},
  journal={Nature methods},
  volume={16},
  number={1},
  pages={111--116},
  year={2019},
  publisher={Nature Publishing Group}
}

@software{esteban_oscar_2017_1095198,
  author       = {Esteban, Oscar and
                  Blair, Ross and
                  Markiewicz, Christopher J. and
                  Berleant, Shoshana L. and
                  Moodie, Craig and
                  Ma, Feilong and
                  Isik, Ayse Ilkay and
                  Erramuzpe, Asier and
                  Kent, James D. and
                  Goncalves, Mathias and
                  Poldrack, Russell A. and
                  Gorgolewski, Krzysztof J.},
  title        = {poldracklab/fmriprep: 1.0.0},
  month        = dec,
  year         = 2017,
  publisher    = {Zenodo},
  version      = {1.0.0},
  doi          = {10.5281/zenodo.1095198},
  url          = {https://doi.org/10.5281/zenodo.1095198}
}

@article{gorgolewski2011nipype,
  title={Nipype: a flexible, lightweight and extensible neuroimaging data processing framework in python},
  author={Gorgolewski, Krzysztof and Burns, Christopher D and Madison, Cindee and Clark, Dav and Halchenko, Yaroslav O and Waskom, Michael L and Ghosh, Satrajit S},
  journal={Frontiers in neuroinformatics},
  volume={5},
  pages={13},
  year={2011},
  publisher={Frontiers}
}

@software{gorgolewski_krzysztof_j_2017_581704,
  author       = {Gorgolewski, Krzysztof J. and
                  Esteban, Oscar and
                  Ellis, David Gage and
                  Notter, Michael Philipp and
                  Ziegler, Erik and
                  Johnson, Hans and
                  Hamalainen, Carlo and
                  Yvernault, Benjamin and
                  Burns, Christopher and
                  Manhães-Savio, Alexandre and
                  Jarecka, Dorota and
                  Markiewicz, Christopher J. and
                  Salo, Taylor and
                  Clark, Daniel and
                  Waskom, Michael and
                  Wong, Jason and
                  Modat, Marc and
                  Dewey, Blake E and
                  Clark, Michael G. and
                  Dayan, Michael and
                  Loney, Fred and
                  Madison, Cindee and
                  Gramfort, Alexandre and
                  Keshavan, Anisha and
                  Berleant, Shoshana and
                  Pinsard, Basile and
                  Goncalves, Mathias and
                  Clark, Dav and
                  Cipollini, Ben and
                  Varoquaux, Gael and
                  Wassermann , Demian and
                  Rokem, Ariel and
                  Halchenko, Yaroslav O. and
                  Forbes, Jessica and
                  Moloney, Brendan and
                  Malone, Ian B. and
                  Hanke, Michael and
                  Mordom, David and
                  Buchanan, Colin and
                  Pauli, Wolfgang M. and
                  Huntenburg, Julia M. and
                  Horea, Christian and
                  Schwartz, Yannick and
                  Tungaraza, Rosalia and
                  Iqbal, Shariq and
                  Kleesiek, Jens and
                  Sikka, Sharad and
                  Frohlich, Caroline and
                  Kent, James and
                  Perez-Guevara, Martin and
                  Watanabe, Aimi and
                  Welch, David and
                  Cumba, Chad and
                  Ginsburg, Daniel and
                  Eshaghi, Arman and
                  Kastman, Erik and
                  Bougacha, Salma and
                  Blair, Ross and
                  Acland, Benjamin and
                  Gillman, Ashley and
                  Schaefer, Alexander and
                  Nichols, B. Nolan and
                  Giavasis, Steven and
                  Erickson, Drew and
                  Correa, Carlos and
                  Ghayoor, Ali and
                  Küttner, René and
                  Haselgrove, Christian and
                  Zhou, Dale and
                  Craddock, R. Cameron and
                  Haehn, Daniel and
                  Lampe, Leonie and
                  Millman, Jarrod and
                  Lai, Jeff and
                  Renfro, Mandy and
                  Liu, Siqi and
                  Stadler, Jörg and
                  Glatard, Tristan and
                  Kahn, Ari E. and
                  Kong, Xiang-Zhen and
                  Triplett, William and
                  Park, Anne and
                  McDermottroe, Conor and
                  Hallquist, Michael and
                  Poldrack, Russell and
                  Perkins, L. Nathan and
                  Noel, Maxime and
                  Gerhard, Stephan and
                  Salvatore, John and
                  Mertz, Fred and
                  Broderick, William and
                  Inati, Souheil and
                  Hinds, Oliver and
                  Brett, Matthew and
                  Durnez, Joke and
                  Tambini, Arielle and
                  Rothmei, Simon and
                  Andberg, Sami Kristian and
                  Cooper, Gavin and
                  Marina, Ana and
                  Mattfeld, Aaron and
                  Urchs, Sebastian and
                  Sharp, Paul and
                  Matsubara, K and
                  Geisler, Daniel and
                  Cheung, Brian and
                  Floren, Andrew and
                  Nickson, Thomas and
                  Pannetier, Nicolas and
                  Weinstein, Alejandro and
                  Dubois, Mathieu and
                  Arias, Jaime and
                  Tarbert, Claire and
                  Schlamp, Kai and
                  Jordan, Kesshi and
                  Liem, Franz and
                  Saase, Victor and
                  Harms, Robbert and
                  Khanuja, Ranjeet and
                  Podranski, Kornelius and
                  Flandin, Guillaume and
                  Papadopoulos Orfanos, Dimitri and
                  Schwabacher, Isaac and
                  McNamee, Daniel and
                  Falkiewicz, Marcel and
                  Pellman, John and
                  Linkersdörfer, Janosch and
                  Varada, Jan and
                  Pérez-García, Fernando and
                  Davison, Andrew and
                  Shachnev, Dmitry and
                  Ghosh, Satrajit},
  title        = {{Nipype: a flexible, lightweight and extensible 
                   neuroimaging data processing framework in Python.
                   0.13.1}},
  month        = may,
  year         = 2017,
  publisher    = {Zenodo},
  version      = {0.13.1},
  doi          = {10.5281/zenodo.581704},
  url          = {https://doi.org/10.5281/zenodo.581704}
}

@article{tustison2010n4itk,
  title={N4ITK: improved N3 bias correction},
  author={Tustison, Nicholas J and Avants, Brian B and Cook, Philip A and Zheng, Yuanjie and Egan, Alexander and Yushkevich, Paul A and Gee, James C},
  journal={IEEE transactions on medical imaging},
  volume={29},
  number={6},
  pages={1310--1320},
  year={2010},
  publisher={IEEE}
}

@article{dale1999cortical,
  title={Cortical surface-based analysis: I. Segmentation and surface reconstruction},
  author={Dale, Anders M and Fischl, Bruce and Sereno, Martin I},
  journal={Neuroimage},
  volume={9},
  number={2},
  pages={179--194},
  year={1999},
  publisher={Elsevier}
}

@article{zhang2001segmentation,
  title={Segmentation of brain MR images through a hidden Markov random field model and the expectation-maximization algorithm},
  author={Zhang, Yongyue and Brady, Michael and Smith, Stephen},
  journal={IEEE transactions on medical imaging},
  volume={20},
  number={1},
  pages={45--57},
  year={2001},
  publisher={Ieee}
}

@article{fonov2009unbiased,
  title={Unbiased nonlinear average age-appropriate brain templates from birth to adulthood},
  author={Fonov, Vladimir S and Evans, Alan C and McKinstry, Robert C and Almli, CR and Collins, DL},
  journal={NeuroImage},
  number={47},
  pages={S102},
  year={2009}
}

@article{avants2008symmetric,
  title={Symmetric diffeomorphic image registration with cross-correlation: evaluating automated labeling of elderly and neurodegenerative brain},
  author={Avants, Brian B and Epstein, Charles L and Grossman, Murray and Gee, James C},
  journal={Medical image analysis},
  volume={12},
  number={1},
  pages={26--41},
  year={2008},
  publisher={Elsevier}
}

@article{jenkinson2002improved,
  title={Improved optimization for the robust and accurate linear registration and motion correction of brain images},
  author={Jenkinson, Mark and Bannister, Peter and Brady, Michael and Smith, Stephen},
  journal={Neuroimage},
  volume={17},
  number={2},
  pages={825--841},
  year={2002},
  publisher={Elsevier}
}

@article{jenkinson2003fast,
  title={Fast, automated, N-dimensional phase-unwrapping algorithm},
  author={Jenkinson, Mark},
  journal={Magnetic Resonance in Medicine: An Official Journal of the International Society for Magnetic Resonance in Medicine},
  volume={49},
  number={1},
  pages={193--197},
  year={2003},
  publisher={Wiley Online Library}
}

@article{greve2009accurate,
  title={Accurate and robust brain image alignment using boundary-based registration},
  author={Greve, Douglas N and Fischl, Bruce},
  journal={Neuroimage},
  volume={48},
  number={1},
  pages={63--72},
  year={2009},
  publisher={Elsevier}
}

@article{abraham2014machine,
  title={Machine learning for neuroimaging with scikit-learn},
  author={Abraham, Alexandre and Pedregosa, Fabian and Eickenberg, Michael and Gervais, Philippe and Mueller, Andreas and Kossaifi, Jean and Gramfort, Alexandre and Thirion, Bertrand and Varoquaux, Ga{\"e}l},
  journal={Frontiers in neuroinformatics},
  volume={8},
  pages={14},
  year={2014},
  publisher={Frontiers}
}

@article{woolrich2001temporal,
  title={Temporal autocorrelation in univariate linear modeling of FMRI data},
  author={Woolrich, Mark W and Ripley, Brian D and Brady, Michael and Smith, Stephen M},
  journal={Neuroimage},
  volume={14},
  number={6},
  pages={1370--1386},
  year={2001},
  publisher={Elsevier}
}

@article{woolrich2004multilevel,
  title={Multilevel linear modelling for FMRI group analysis using Bayesian inference},
  author={Woolrich, Mark W and Behrens, Timothy EJ and Beckmann, Christian F and Jenkinson, Mark and Smith, Stephen M},
  journal={Neuroimage},
  volume={21},
  number={4},
  pages={1732--1747},
  year={2004},
  publisher={Elsevier}
}

@article{woolrich2008robust,
  title={Robust group analysis using outlier inference},
  author={Woolrich, Mark},
  journal={Neuroimage},
  volume={41},
  number={2},
  pages={286--301},
  year={2008},
  publisher={Elsevier}
}

@article{worsley2001statistical,
  title={Statistical analysis of activation images},
  author={Worsley, Keith J},
  journal={Functional MRI: An introduction to methods},
  volume={14},
  number={1},
  pages={251--70},
  year={2001},
  publisher={Citeseer}
}

@article{nichols2005valid,
  title={Valid conjunction inference with the minimum statistic},
  author={Nichols, Thomas and Brett, Matthew and Andersson, Jesper and Wager, Tor and Poline, Jean-Baptiste},
  journal={Neuroimage},
  volume={25},
  number={3},
  pages={653--660},
  year={2005},
  publisher={Elsevier}
}

@article{yarkoni2011large,
  title={Large-scale automated synthesis of human functional neuroimaging data},
  author={Yarkoni, Tal and Poldrack, Russell A and Nichols, Thomas E and Van Essen, David C and Wager, Tor D},
  journal={Nature methods},
  volume={8},
  number={8},
  pages={665--670},
  year={2011},
  publisher={Nature Publishing Group}
}

@article{abraham2014machine,
  title={Machine learning for neuroimaging with scikit-learn},
  author={Abraham, Alexandre and Pedregosa, Fabian and Eickenberg, Michael and Gervais, Philippe and Mueller, Andreas and Kossaifi, Jean and Gramfort, Alexandre and Thirion, Bertrand and Varoquaux, Ga{\"e}l},
  journal={Frontiers in neuroinformatics},
  volume={8},
  pages={14},
  year={2014},
  publisher={Frontiers}
}

@article{gorgolewski2015neurovault,
  title={NeuroVault. org: a web-based repository for collecting and sharing unthresholded statistical maps of the human brain},
  author={Gorgolewski, Krzysztof J and Varoquaux, Gael and Rivera, Gabriel and Schwarz, Yannick and Ghosh, Satrajit S and Maumet, Camille and Sochat, Vanessa V and Nichols, Thomas E and Poldrack, Russell A and Poline, Jean-Baptiste and others},
  journal={Frontiers in neuroinformatics},
  volume={9},
  pages={8},
  year={2015},
  publisher={Frontiers}
}

@article{poldrack2006can,
  title={Can cognitive processes be inferred from neuroimaging data?},
  author={Poldrack, Russell A},
  journal={Trends in cognitive sciences},
  volume={10},
  number={2},
  pages={59--63},
  year={2006},
  publisher={Elsevier}
}

@article{weber2018frontostriatal,
  title={Frontostriatal pathways gate processing of behaviorally relevant reward dimensions},
  author={Weber, Susanna C and Kahnt, Thorsten and Quednow, Boris B and Tobler, Philippe N},
  journal={PLoS biology},
  volume={16},
  number={10},
  pages={e2005722},
  year={2018},
  publisher={Public Library of Science San Francisco, CA USA}
}

@article{kobayashi2019diverse,
  title={Diverse motives for human curiosity},
  author={Kobayashi, Kenji and Ravaioli, Silvio and Baran{\`e}s, Adrien and Woodford, Michael and Gottlieb, Jacqueline},
  journal={Nature human behaviour},
  volume={3},
  number={6},
  pages={587--595},
  year={2019},
  publisher={Nature Publishing Group}
}

@article{murayama2019process,
  title={Process account of curiosity and interest: A reward-learning perspective},
  author={Murayama, Kou and FitzGibbon, Lily and Sakaki, Michiko},
  journal={Educational Psychology Review},
  volume={31},
  number={4},
  pages={875--895},
  year={2019},
  publisher={Springer}
}

@article{marvin2016curiosity,
  title={Curiosity and reward: Valence predicts choice and information prediction errors enhance learning.},
  author={Marvin, Caroline B and Shohamy, Daphna},
  journal={Journal of Experimental Psychology: General},
  volume={145},
  number={3},
  pages={266},
  year={2016},
  publisher={American Psychological Association}
}

@book{zuckerman1979,
  title = "Sensation Seeking. Beyond the Optimal Level of Arousal",
  author = "Zuckerman, Marvin",
  year = 1979,
  publisher = "L. Erlbaum Associates",
  address = "Hillsdale"
}

@article{tamir2016people,
  title={Why do people regulate their emotions? A taxonomy of motives in emotion regulation},
  author={Tamir, Maya},
  journal={Personality and social psychology review},
  volume={20},
  number={3},
  pages={199--222},
  year={2016},
  publisher={Sage Publications Sage CA: Los Angeles, CA}
}

@article{gottlieb2018towards,
  title={Towards a neuroscience of active sampling and curiosity},
  author={Gottlieb, Jacqueline and Oudeyer, Pierre-Yves},
  journal={Nature Reviews Neuroscience},
  volume={19},
  number={12},
  pages={758--770},
  year={2018},
  publisher={Nature Publishing Group}
}

@article{bach2012knowing,
  title={Knowing how much you don't know: a neural organization of uncertainty estimates},
  author={Bach, Dominik R and Dolan, Raymond J},
  journal={Nature reviews neuroscience},
  volume={13},
  number={8},
  pages={572--586},
  year={2012},
  publisher={Nature Publishing Group}
}

@article{harris2008functional,
  title={Functional neuroimaging of belief, disbelief, and uncertainty},
  author={Harris, Sam and Sheth, Sameer A and Cohen, Mark S},
  journal={Annals of neurology},
  volume={63},
  number={2},
  pages={141--147},
  year={2008},
  publisher={Wiley Online Library}
}

@article{silvia2008interest,
  title={Interest—The curious emotion},
  author={Silvia, Paul J},
  journal={Current directions in psychological science},
  volume={17},
  number={1},
  pages={57--60},
  year={2008},
  publisher={SAGE Publications Sage CA: Los Angeles, CA}
}

@article{shenhav2016dorsal,
  title={Dorsal anterior cingulate cortex and the value of control},
  author={Shenhav, Amitai and Cohen, Jonathan D and Botvinick, Matthew M},
  journal={Nature neuroscience},
  volume={19},
  number={10},
  pages={1286--1291},
  year={2016},
  publisher={Nature Publishing Group}
}

@article{litman2005curiosity,
  title={Curiosity and the pleasures of learning: Wanting and liking new information},
  author={Litman, Jordan},
  journal={Cognition \& emotion},
  volume={19},
  number={6},
  pages={793--814},
  year={2005},
  publisher={Taylor \& Francis}
}

@article{lindquist2016brain,
  title={The brain basis of positive and negative affect: evidence from a meta-analysis of the human neuroimaging literature},
  author={Lindquist, Kristen A and Satpute, Ajay B and Wager, Tor D and Weber, Jochen and Barrett, Lisa Feldman},
  journal={Cerebral cortex},
  volume={26},
  number={5},
  pages={1910--1922},
  year={2016},
  publisher={Oxford University Press}
}

@article{lang2010emotion,
  title={Emotion and the motivational brain},
  author={Lang, Peter J and Bradley, Margaret M},
  journal={Biological psychology},
  volume={84},
  number={3},
  pages={437--450},
  year={2010},
  publisher={Elsevier}
}

@article{buhle2014cognitive,
  title={Cognitive reappraisal of emotion: a meta-analysis of human neuroimaging studies},
  author={Buhle, Jason T and Silvers, Jennifer A and Wager, Tor D and Lopez, Richard and Onyemekwu, Chukwudi and Kober, Hedy and Weber, Jochen and Ochsner, Kevin N},
  journal={Cerebral cortex},
  volume={24},
  number={11},
  pages={2981--2990},
  year={2014},
  publisher={Oxford University Press}
}

@article{wager2008prefrontal,
  title={Prefrontal-subcortical pathways mediating successful emotion regulation},
  author={Wager, Tor D and Davidson, Matthew L and Hughes, Brent L and Lindquist, Martin A and Ochsner, Kevin N},
  journal={Neuron},
  volume={59},
  number={6},
  pages={1037--1050},
  year={2008},
  publisher={Elsevier}
}

@article{bench2019boredom,
  title={Boredom as a seeking state: Boredom prompts the pursuit of novel (even negative) experiences.},
  author={Bench, Shane W and Lench, Heather C},
  journal={Emotion},
  volume={19},
  number={2},
  pages={242},
  year={2019},
  publisher={American Psychological Association}
}

@article{wierzba2015erotic,
  title={Erotic subset for the Nencki Affective Picture System (NAPS ERO): cross-sexual comparison study},
  author={Wierzba, Ma{\l}gorzata and Riegel, Monika and Pucz, Anna and Le{\'s}niewska, Zuzanna and Dragan, Wojciech {\L}ukasz and Gola, Mateusz and Jednor{\'o}g, Katarzyna and Marchewka, Artur},
  journal={Frontiers in psychology},
  volume={6},
  pages={1336},
  year={2015},
  publisher={Frontiers}
}

@article{satpute2019deconstructing,
  title={Deconstructing arousal into wakeful, autonomic and affective varieties},
  author={Satpute, Ajay B and Kragel, Philip A and Barrett, Lisa Feldman and Wager, Tor D and Bianciardi, Marta},
  journal={Neuroscience letters},
  volume={693},
  pages={19--28},
  year={2019},
  publisher={Elsevier}
}

@article{citron2014emotional,
  title={Emotional valence and arousal affect reading in an interactive way: neuroimaging evidence for an approach-withdrawal framework},
  author={Citron, Francesca MM and Gray, Marcus A and Critchley, Hugo D and Weekes, Brendan S and Ferstl, Evelyn C},
  journal={Neuropsychologia},
  volume={56},
  pages={79--89},
  year={2014},
  publisher={Elsevier}
}